<?xml version="1.0" encoding="UTF-8"?><record xmlns="http://www.loc.gov/MARC21/slim" xmlns:cinclude="http://apache.org/cocoon/include/1.0" xmlns:zs="http://www.loc.gov/zing/srw/">
  <leader>00460cz  a2200133n  4500</leader>
  <controlfield tag="001">n  88184729 </controlfield>
  <controlfield tag="003">DLC</controlfield>
  <controlfield tag="005">19891104070700.6</controlfield>
  <controlfield tag="008">890926n| acannaab|          |a aaa |||  </controlfield>
  <datafield tag="010" ind1=" " ind2=" ">
    <subfield code="a">n  88184729 </subfield>
  </datafield>
  <datafield tag="040" ind1=" " ind2=" ">
    <subfield code="a">DLC</subfield>
    <subfield code="c">DLC</subfield>
  </datafield>
  <datafield tag="100" ind1="1" ind2="0">
    <subfield code="a">Akhouri, Gayatri,</subfield>
    <subfield code="d">1950-</subfield>
  </datafield>
  <datafield tag="400" ind1="0" ind2="0">
    <subfield code="a">Gayatri Akhouri,</subfield>
    <subfield code="d">1950-</subfield>
  </datafield>
  <datafield tag="670" ind1=" " ind2=" ">
    <subfield code="a">Her SaĚivism in ancient Bihar, 1988:</subfield>
    <subfield code="b">t.p. (Dr. Gayatri Akhouri, Dept. of Hist., Govt. Girls Coll. Gardanibagh, Patna) jkt. (b. 1950 ; M.A., Ph. D., Patna U.)</subfield>
  </datafield>
</record>